% Encoding: UTF-8

@TechReport{ietf-bls,
  author       = {Dan Boneh and Sergey Gorbunov and Riad Wahby and Hoeteck Wee and Zhenfei Zhang},
  title        = {{BLS Signatures}},
  institution  = {IETF Secretariat},
  year         = {2020},
  type         = {Internet-Draft},
  number       = {draft-irtf-cfrg-bls-signature-04},
  month        = {September},
  howpublished = {Working Draft},
  url          = {http://www.ietf.org/internet-drafts/draft-irtf-cfrg-bls-signature-04.txt},
}

@InProceedings{asiacrypt-bls,
  author    = {Dan Boneh and Manu Drijvers and Gregory Neven},
  title     = {{Compact Multi-signatures for Smaller Blockchains}},
  booktitle = {Advances in Cryptology â€“ ASIACRYPT 2018},
  year      = {2018},
  volume    = {11273},
  series    = {Lecture Notes in Computer Science},
  pages     = {435--464},
  publisher = {Springer},
  doi       = {10.1007/978-3-030-03329-3_15},
}

@Article{coconut-2018,
  author        = {Alberto Sonnino and Mustafa Al{-}Bassam and Shehar Bano and George Danezis},
  title         = {{Coconut: Threshold Issuance Selective Disclosure Credentials with Applications to Distributed Ledgers}},
  journal       = {CoRR},
  year          = {2018},
  volume        = {abs/1802.07344},
  archiveprefix = {arXiv},
  bibsource     = {dblp computer science bibliography, https://dblp.org},
  biburl        = {https://dblp.org/rec/journals/corr/abs-1802-07344.bib},
  eprint        = {1802.07344},
  timestamp     = {Mon, 13 Aug 2018 16:48:07 +0200},
  url           = {http://arxiv.org/abs/1802.07344},
}

%% You should probably cite draft-irtf-cfrg-pairing-friendly-curves instead of this I-D.
@techreport{ietf-bls-383,
	number =	{draft-yonezawa-pairing-friendly-curves-02},
	type =		{Internet-Draft},
	institution =	{Internet Engineering Task Force},
	publisher =	{Internet Engineering Task Force},
	note =		{Work in Progress},
	url =		{https://datatracker.ietf.org/doc/html/draft-yonezawa-pairing-friendly-curves-02},
        author =	{Shoko Yonezawa and Tetsutaro Kobayashi and Tsunekazu Saito},
	title =		{{Pairing-Friendly Curves}},
	pagetotal =	36,
	year =		2019,
	month =		jul,
	day =		8,
	abstract =	{This memo introduces pairing-friendly curves used for constructing pairing-based cryptography. It describes recommended parameters for each security level and recent implementations of pairing-friendly curves.},
}

@misc{bls-pairing,
    author = {Craig Costello and Kristin Lauter and Michael Naehrig},
    title = {Attractive Subfamilies of BLS Curves for Implementing High-Security Pairings},
    howpublished = {Cryptology ePrint Archive, Report 2011/465},
    year = {2011},
    note = {\url{https://eprint.iacr.org/2011/465}},
}

@Comment{jabref-meta: databaseType:bibtex;}
