<% Encoding: UTF-8

@article{dispid-kranenbu,
	author = {Rob Kranenburg and Gaelle Gars},
	title = {The Cybersecurity Aspects of New Entities Need a Cybernetic, Holistic Perspective},
	journal = {International Journal of Cyber Forensics and Advanced Threat Investigations},
	volume = {2},
	number = {1},
	year = {2021},
	issn = {2753-9997},	pages = {63--68},	doi = {10.46386/ijcfati.v2i1.36},
	url = {https://conceptechint.net/index.php/CFATI/article/view/36}
}

@article{holochain,
  title={Holochain. Scalable agent-centric distributed computing},
  author={Harris-Braun, Eric and Luck, Nicolas and Brock, Arthur},
  journal={DRAFT (ALPHA 1)-2/15/2018.[Online]. Available: https://whitepaperdatabase. com/wp-content/uploads/2018/08/holochain-HOT-whitepaper. pdf},
  year={2018}
}

@article{hashgraph,
  title={HashGraph--Scalable Hash Tables Using A Sparse Graph Data Structure},
  author={Green, Oded},
  journal={arXiv preprint arXiv:1907.02900},
  year={2019}
}

@article{elgamal,
  title={A public key cryptosystem and a signature scheme based on discrete logarithms},
  author={ElGamal, Taher},
  journal={IEEE transactions on information theory},
  volume={31},
  number={4},
  pages={469--472},
  year={1985},
  publisher={IEEE}
}

@article{privbydesign,
author={Hoepman, Jaap-Henk and Bano, Shehar and Sonnino, Alberto and Bassi, Eleonora and Ciurcina, Marco and De Martin, Juan Carlos and Fenoglietto, Selina and Santangelo, Antonio and Gutierres, Francisco Sacramento and Laniado, David and  Aragón, Pablo},
title={Privacy Design Strategies for the DECODE architecture},
year={2019},
organization={Radboud University}
}

@article{decodelang,
author={Roio, Denis},
title={DECODE language design patterns},
year={2017},
organization={Dyne.org foundation}
}

@article{dispid,
  title={The disposable identities privacy toolkit; enabling trust-by-design to build sustainable data driven value},
  author={Goulden, Lorna and Hermsen, Kai M. and Isohanni, Jari and Ross, Mirko and Vanbockryck, Jef},
  year={2021},
  organization={Twinds Foundation}
}

@inproceedings{discrete-log-attack,
  title={A key recovery attack on discrete log-based schemes using a prime order subgroup},
  author={Lim, Chae Hoon and Lee, Pil Joong},
  booktitle={Annual International Cryptology Conference},
  pages={249--263},
  year={1997},
  organization={Springer}
}

@article{updating-key-pairings,
  title={Updating key size estimations for pairings},
  author={Barbulescu, Razvan and Duquesne, Sylvain},
  journal={Journal of Cryptology},
  volume={32},
  number={4},
  pages={1298--1336},
  year={2019},
  publisher={Springer}
}

@article{info-protection,
  title={The protection of information in computer systems},
  author={Saltzer, Jerome H and Schroeder, Michael D},
  journal={Proceedings of the IEEE},
  volume={63},
  number={9},
  pages={1278--1308},
  year={1975},
  publisher={IEEE}
}

@misc{compact-multisig,
    author = {Dan Boneh and Manu Drijvers and Gregory Neven},
    title = {Compact Multi-Signatures for Smaller Blockchains},
    howpublished = {Cryptology ePrint Archive, Report 2018/483},
    year = {2018},
    note = {\url{https://eprint.iacr.org/2018/483}},
}

@mastersthesis{resources-passport,
  title={A resources passport for a circular economy},
  author={Damen, Maayke Aim{\'e}e},
  year={2012}
}

@article{reflow-os,
author = {Dyne.org},
title = {REFLOW OS},
year = {2020},
URL = {https://reflowproject.eu/knowledge-hub/},
journal = {constRuctive mEtabolic processes For materiaL flOWs in urban and peri-urban environments across Europe}
}


@online{valueflows,
author = {Foster, Lynn and Pavlik, Elf and Haugen, Bob and Williams, Michael and Mackey, Paul and Maidzhanski, Kalin and Pospichil, Sam and Vanbockryck, Jef},
title = {Valueflows vocabulary},
year = {2017},
URL = {https://valueflo.ws},
urldate = {2021-05-11}
}

@article{trackandtrace,
  title={Track and trace future, present, and past product and money flows with a resource-event-agent model},
  author={Laurier, Wim and Poels, Geert},
  journal={Information systems management},
  volume={29},
  number={2},
  pages={123--136},
  year={2012},
  publisher={Taylor \& Francis}
}

@article{REA,
  title={REA 2: A unified formalisation of the Resource-Event-Agent ontology},
  author={Laurier, Wim and Kiehn, Jesper and Polovina, Simon},
  journal={Applied Ontology},
  volume={13},
  number={3},
  pages={201--224},
  year={2018},
  publisher={IOS Press}
}

@article{material-passport,
author = {Luscuere, Lars Marten},
title = {Materials Passports: Optimising value recovery from materials},
journal = {Proceedings of the Institution of Civil Engineers - Waste and Resource Management},
volume = {170},
number = {1},
pages = {25-28},
year = {2017},
doi = {10.1680/jwarm.16.00016},
URL = {https://doi.org/10.1680/jwarm.16.00016},
eprint = {https://doi.org/10.1680/jwarm.16.00016}
}


@TECHREPORT{lrsw-assumption,
  title={Pseudonym systems},
  author={Lysyanskaya, Anna and Rivest, Ronald L and Sahai, Amit and Wolf, Stefan},
  booktitle={International Workshop on Selected Areas in Cryptography},
  pages={184--199},
  year={1999},
  organization={Springer}
}

@article{bls383,
  title={The Apache Milagro Crypto Library (Version 2.2)},
  author={Scott, Michael},
  year = {2017}
}

@TECHREPORT{camenisch,
    author = {Jan Camenisch and Markus Stadler},
    title = {Proof Systems for General Statements about Discrete Logarithms},
    institution = {},
    year = {1997}
}

@Article{random-oracle,
author={Koblitz, Neal
and Menezes, Alfred J.},
title={The random oracle model: a twenty-year retrospective},
journal={Designs, Codes and Cryptography},
year={2015},
month={Dec},
day={01},
volume={77},
number={2},
pages={587-610},
issn={1573-7586},
doi={10.1007/s10623-015-0094-2},
url={https://doi.org/10.1007/s10623-015-0094-2}
}

@TECHREPORT{DDH-problem,
author="Boneh, Dan",
editor="Buhler, Joe P.",
title="The Decision Diffie-Hellman problem",
booktitle="Algorithmic Number Theory",
year="1998",
publisher="Springer Berlin Heidelberg",
address="Berlin, Heidelberg",
pages="48--63",
abstract="The Decision Diffie-Hellman assumption (ddh) is a gold mine. It enables one to construct efficient cryptographic systems with strong security properties. In this paper we survey the recent applications of DDH as well as known results regarding its security. We describe some open problems in this area.",
isbn="978-3-540-69113-6"
}


@TechReport{ietf-bls,
  author       = {Dan Boneh and Sergey Gorbunov and Riad Wahby and Hoeteck Wee and Zhenfei Zhang},
  title        = {{BLS Signatures}},
  institution  = {IETF Secretariat},
  year         = {2020},
  type         = {Internet-Draft},
  number       = {draft-irtf-cfrg-bls-signature-04},
  month        = {September},
  howpublished = {Working Draft},
  url          = {http://www.ietf.org/internet-drafts/draft-irtf-cfrg-bls-signature-04.txt},
}

@InProceedings{asiacrypt-bls,
  author    = {Dan Boneh and Manu Drijvers and Gregory Neven},
  title     = {{Compact Multi-signatures for Smaller Blockchains}},
  booktitle = {Advances in Cryptology – ASIACRYPT 2018},
  year      = {2018},
  volume    = {11273},
  series    = {Lecture Notes in Computer Science},
  pages     = {435--464},
  publisher = {Springer},
  doi       = {10.1007/978-3-030-03329-3_15},
}

@Article{coconut-2018,
  author        = {Alberto Sonnino and Mustafa Al{-}Bassam and Shehar Bano and George Danezis},
  title         = {{Coconut: Threshold Issuance Selective Disclosure Credentials with Applications to Distributed Ledgers}},
  journal       = {CoRR},
  year          = {2018},
  volume        = {abs/1802.07344},
  archiveprefix = {arXiv},
  bibsource     = {dblp computer science bibliography, https://dblp.org},
  biburl        = {https://dblp.org/rec/journals/corr/abs-1802-07344.bib},
  eprint        = {1802.07344},
  timestamp     = {Mon, 13 Aug 2018 16:48:07 +0200},
  url           = {http://arxiv.org/abs/1802.07344},
}

%% You should probably cite draft-irtf-cfrg-pairing-friendly-curves instead of this I-D.
@techreport{ietf-bls-383,
	number =	{draft-yonezawa-pairing-friendly-curves-02},
	type =		{Internet-Draft},
	institution =	{Internet Engineering Task Force},
	publisher =	{Internet Engineering Task Force},
	note =		{Work in Progress},
	url =		{https://datatracker.ietf.org/doc/html/draft-yonezawa-pairing-friendly-curves-02},
        author =	{Shoko Yonezawa and Tetsutaro Kobayashi and Tsunekazu Saito},
	title =		{{Pairing-Friendly Curves}},
	pagetotal =	36,
	year =		2019,
	month =		jul,
	day =		8,
	abstract =	{This memo introduces pairing-friendly curves used for constructing pairing-based cryptography. It describes recommended parameters for each security level and recent implementations of pairing-friendly curves.},
}

@misc{bls-pairing,
    author = {Craig Costello and Kristin Lauter and Michael Naehrig},
    title = {Attractive Subfamilies of BLS Curves for Implementing High-Security Pairings},
    howpublished = {Cryptology ePrint Archive, Report 2011/465},
    year = {2011},
    note = {\url{https://eprint.iacr.org/2011/465}},
}

@proceedings{petros_kavassalis_2020_4016977,
  title        = {{Disposable Yet Official Identities (DYOI) for 
                   Privacy-Preserving System Design - The case of
                   COVID-19 digital document verification and
                   credential-based access control in ad hoc outdoor
                   and indoor settings (and beyond)}},
  year         = 2020,
  publisher    = {Zenodo},
  month        = sep,
  note         = {{This research has received partial funding from 
                   the European Commission (SEAL project funded by
                   CEF Grant Agreement No INEA/CEF/ICT/A2018/1633170
                   \&amp; NGI Forward project funded by H2020 Grant
                   Agreement number 825652), and from SIEMENS
                   (SBchain project funded via Settlement Agreement
                   with Hellenic Republic)}},
  doi          = {10.5281/zenodo.4016977},
  url          = {https://doi.org/10.5281/zenodo.4016977}
}

@inproceedings{zakai2011emscripten,
  title={Emscripten: an LLVM-to-JavaScript compiler},
  author={Zakai, Alon},
  booktitle={Proceedings of the ACM international conference companion on Object oriented programming systems languages and applications companion},
  pages={301--312},
  year={2011}
}

@Comment{jabref-meta: databaseType:bibtex;}
